@article{wysoski2008fast,
  title={Fast and adaptive network of spiking neurons for multi-view visual pattern recognition},
  author={Wysoski, Simei Gomes and Benuskova, Lubica and Kasabov, Nikola},
  journal={Neurocomputing},
  volume={71},
  number={13},
  pages={2563--2575},
  year={2008},
  publisher={Elsevier}
}

@inproceedings{galluppi2012real,
  title={A real-time, event-driven neuromorphic system for goal-directed attentional selection},
  author={Galluppi, Francesco and Brohan, Kevin and Davidson, Simon and Serrano-Gotarredona, Teresa and Carrasco, Jos{\'e}-Antonio P{\'e}rez and Linares-Barranco, Bernab{\'e} and Furber, Steve},
  booktitle={Neural Information Processing},
  pages={226--233},
  year={2012},
  organization={Springer}
}

@article{lenero20113,
  title={A 3.6 s latency asynchronous frame-free event-driven dynamic-vision-sensor},
  author={Le{\~n}ero-Bardallo, Juan Antonio and Serrano-Gotarredona, Teresa and Linares-Barranco, Bernab{\'e}},
  journal={Solid-State Circuits, IEEE Journal of},
  volume={46},
  number={6},
  pages={1443--1455},
  year={2011},
  publisher={IEEE}
}

@article{furber2014spinnaker,
  title={The SpiNNaker Project},
  author={Furber, Steve B and Galluppi, Francesco and Temple, Steve and Plana, Luis A},
  year={2014},
  publisher={IEEE}
}

@inproceedings{delbruck2008frame,
  title={Frame-free dynamic digital vision},
  author={Delbruck, Tobi},
  booktitle={Proceedings of Intl. Symp. on Secure-Life Electronics, Advanced Electronics for Quality Life and Society},
  pages={21--26},
  year={2008}
}

@INPROCEEDINGS{6252490, 
author={Patterson, C. and Galluppi, F. and Rast, A. and Furber, S.}, 
booktitle={Neural Networks (IJCNN), The 2012 International Joint Conference on}, 
title={Visualising large-scale neural network models in real-time}, 
year={2012}, 
pages={1-8}, 
keywords={data visualisation;multiprocessing systems;neural nets;real-time systems;system-on-chip;SpiNNaker programmable neuromimetic system;computational agent;compute time minimisation;experimental networks;general-purpose visualisation platform;large-scale neural network models;network abstraction;network dynamics;real-time visualisation platform;simulation data;Biological system modeling;Brain models;Computational modeling;Data visualization;Neurons;Real time systems}, 
doi={10.1109/IJCNN.2012.6252490}, 
ISSN={2161-4393},}

@article{canny1986computational,
  title={A computational approach to edge detection},
  author={Canny, John},
  journal={Pattern Analysis and Machine Intelligence, IEEE Transactions on},
  number={6},
  pages={679--698},
  year={1986},
  publisher={IEEE}
}

@article{toygar2004multiple,
  title={Multiple classifier implementation of a divide-and-conquer approach using appearance-based statistical methods for face recognition},
  author={Toygar, {\"O}nsen and Acan, Adnan},
  journal={Pattern Recognition Letters},
  volume={25},
  number={12},
  pages={1421--1430},
  year={2004},
  publisher={Elsevier}
}

@article{wei2006robust,
  title={Robust and efficient image alignment based on relative gradient matching},
  author={Wei, Shou-Der and Lai, Shang-Hong},
  journal={Image Processing, IEEE Transactions on},
  volume={15},
  number={10},
  pages={2936--2943},
  year={2006},
  publisher={IEEE}
}
@article{lowe2004distinctive,
  title={Distinctive image features from scale-invariant keypoints},
  author={Lowe, David G},
  journal={International journal of computer vision},
  volume={60},
  number={2},
  pages={91--110},
  year={2004},
  publisher={Springer}
}
@article{bay2008speeded,
  title={Speeded-up robust features (SURF)},
  author={Bay, Herbert and Ess, Andreas and Tuytelaars, Tinne and Van Gool, Luc},
  journal={Computer vision and image understanding},
  volume={110},
  number={3},
  pages={346--359},
  year={2008},
  publisher={Elsevier}
}
@article{riesenhuber1999hierarchical,
  title={Hierarchical models of object recognition in cortex},
  author={Riesenhuber, Maximilian and Poggio, Tomaso},
  journal={Nature neuroscience},
  volume={2},
  number={11},
  pages={1019--1025},
  year={1999},
  publisher={Nature Publishing Group}
}
@article{hopfield1995pattern,
  title={Pattern recognition computation using action potential timing for stimulus representation},
  author={Hopfield, John J},
  journal={Nature},
  volume={376},
  number={6535},
  pages={33--36},
  year={1995}
}
@article{natschlager1998spatial,
  title={Spatial and temporal pattern analysis via spiking neurons},
  author={Natschl{\"a}ger, Thomas and Ruf, Berthold},
  journal={Network: Computation in Neural Systems},
  volume={9},
  number={3},
  pages={319--332},
  year={1998},
  publisher={Informa UK Ltd UK}
}
@article{maass1997networks,
  title={Networks of spiking neurons: the third generation of neural network models},
  author={Maass, Wolfgang},
  journal={Neural networks},
  volume={10},
  number={9},
  pages={1659--1671},
  year={1997},
  publisher={Elsevier}
}
@inproceedings{gupta2007character,
  title={Character recognition using spiking neural networks},
  author={Gupta, Ankur and Long, Lyle N},
  booktitle={Neural Networks, 2007. IJCNN 2007. International Joint Conference on},
  pages={53--58},
  year={2007},
  organization={IEEE}
}
@INPROCEEDINGS{6467270,
author={Jun Haeng Lee and Park, P.K.J. and Chang-Woo Shin and Hyunsurk Ryu and Byung Chang Kang and Delbruck, T.},
booktitle={Image Processing (ICIP), 2012 19th IEEE International Conference on},
title={Touchless hand gesture UI with instantaneous responses},
year={2012},
month={Sept},
pages={1957-1960},
keywords={correlation methods;gesture recognition;image motion analysis;image sensors;mobile computing;object detection;object tracking;spatiotemporal phenomena;DVS;accurate hand swipe motion detection;biologically inspired vision sensor;dynamic vision sensor;event-driven processing algorithms;graphic UI capable finger tip tracking;instantaneous responses;integrate-and-fire neurons;mobile devices;moving object detection;object edges;output events;real-time touchless hand gesture user interface;spatiotemporal correlation;touchless hand gesture UI;Computational efficiency;Neurons;Radio frequency;Thumb;Tracking;Voltage control;Gesture recognition;Neuromorphic processing;User Interface},
doi={10.1109/ICIP.2012.6467270},
ISSN={1522-4880},}
@article{camunas2012event,
  title={An event-driven multi-kernel convolution processor module for event-driven vision sensors},
  author={Camunas-Mesa, Luis and Zamarreno-Ramos, Carlos and Linares-Barranco, Alejandro and Acosta-Jimenez, Antonio J and Serrano-Gotarredona, Teresa and Linares-Barranco, Bernab{\'e}},
  journal={Solid-State Circuits, IEEE Journal of},
  volume={47},
  number={2},
  pages={504--517},
  year={2012},
  publisher={IEEE}
}
@article{delorme2001networks,
  title={Networks of integrate-and-fire neurons using rank order coding B: spike timing dependent plasticity and emergence of orientation selectivity},
  author={Delorme, Arnaud and Perrinet, Laurent and Thorpe, Simon J},
  journal={Neurocomputing},
  volume={38},
  pages={539--545},
  year={2001},
  publisher={Elsevier}
}
@inproceedings{eliasmith2011nengo,
  title={Nengo and the neural engineering framework: connecting cognitive theory to neuroscience},
  author={Eliasmith, Chris and Stewart, Terrence C},
  booktitle={Proceedings of the 33rd annual meeting of the cognitive science society},
  pages={1--2},
  year={2011}
}
@article{eliasmith2012large,
  title={A large-scale model of the functioning brain},
  author={Eliasmith, Chris and Stewart, Terrence C and Choo, Xuan and Bekolay, Trevor and DeWolf, Travis and Tang, Yichuan and Rasmussen, Daniel},
  journal={science},
  volume={338},
  number={6111},
  pages={1202--1205},
  year={2012},
  publisher={American Association for the Advancement of Science}
}
@inproceedings{naylor2013managing,
  title={Managing the FPGA memory wall: Custom computing or vector processing?},
  author={Naylor, Matthew and Fox, Paul J and Markettos, A Theodore and Moore, Simon W},
  booktitle={Field Programmable Logic and Applications (FPL), 2013 23rd International Conference on},
  pages={1--6},
  year={2013},
  organization={IEEE}
}
@article{o2013real,
  title={Real-time classification and sensor fusion with a spiking deep belief network},
  author={O'Connor, Peter and Neil, Daniel and Liu, Shih-Chii and Delbruck, Tobi and Pfeiffer, Michael},
  journal={Frontiers in neuroscience},
  volume={7},
  year={2013},
  publisher={Frontiers Media SA}
}
@article{elmezain2009hidden,
  title={A hidden markov model-based isolated and meaningful hand gesture recognition},
  author={Elmezain, Mahmoud and Al-Hamadi, Ayoub and Appenrodt, J{\"o}rg and Michaelis, Bernd},
  journal={International Journal of Electrical, Computer, and Systems Engineering},
  volume={3},
  number={3},
  pages={156--163},
  year={2009}
}
@article{la2008response,
  title={The response of cortical neurons to in vivo-like input current: theory and experiment},
  author={La Camera, Giancarlo and Giugliano, Michele and Senn, Walter and Fusi, Stefano},
  journal={Biological cybernetics},
  volume={99},
  number={4-5},
  pages={279--301},
  year={2008},
  publisher={Springer}
}
@inproceedings{lazzaro1995multi,
  title={A multi-sender asynchronous extension to the AER protocol},
  author={Lazzaro, John and Wawrzynek, John},
  booktitle={Advanced Research in VLSI, Conference on},
  pages={158--158},
  year={1995},
  organization={IEEE Computer Society}
}
@article{lecun1998gradient,
  title={Gradient-based learning applied to document recognition},
  author={LeCun, Yann and Bottou, L{\'e}on and Bengio, Yoshua and Haffner, Patrick},
  journal={Proceedings of the IEEE},
  volume={86},
  number={11},
  pages={2278--2324},
  year={1998},
  publisher={IEEE}
}
